<collection xmlns="http://www.loc.gov/MARC21/slim">
<record>
  <leader>01317nam0a2200229 i 450 </leader>
  <controlfield tag="001">IT\ICCU\CNCE\000017</controlfield>
  <controlfield tag="005">20110809000000.0</controlfield>
  <datafield tag="012" ind1=" " ind2=" ">
    <subfield code="a">r-co mue- teno ChPu (3) 1595 (A)</subfield>
    <subfield code="2">fei</subfield>
  </datafield>
  <datafield tag="100" ind1=" " ind2=" ">
    <subfield code="a">19970101d1595        0itac0103    ba</subfield>
  </datafield>
  <datafield tag="101" ind1=" " ind2=" ">
    <subfield code="a">ITA</subfield>
  </datafield>
  <datafield tag="102" ind1=" " ind2=" ">
    <subfield code="a">IT</subfield>
  </datafield>
  <datafield tag="200" ind1="1" ind2=" ">
    <subfield code="a">Delle laudi spirituali, che si sogliono cantare dopo i ragionamenti delli reuer. padri della Congregazione dell&apos;Oratorio. Con l&apos;aggiunta di alcun&apos;altre de diuersi buoni autori. Parte prima. Stampate senza la musica per maggior commodita delle persone deuote. Con due copiose tauole una delle laudi, &amp; l&apos;altra delle materie</subfield>
  </datafield>
  <datafield tag="210" ind1=" " ind2=" ">
    <subfield code="a">A Fermo</subfield>
    <subfield code="c">appresso gl&apos;heredi di Sertorio de&apos; Monti</subfield>
    <subfield code="d">et Giouanni Bonibello</subfield>
    <subfield code="d">1595</subfield>
    <subfield code="e">A Fermo</subfield>
    <subfield code="g">appresso gl&apos;heredi di Sertorio de&apos; Monti</subfield>
    <subfield code="h">&amp; Gio. Bonibello</subfield>
    <subfield code="h">1595</subfield>
  </datafield>
  <datafield tag="215" ind1=" " ind2=" ">
    <subfield code="a">\10!, 384, \25! p.</subfield>
    <subfield code="d">12ʻ</subfield>
  </datafield>
  <datafield tag="620" ind1=" " ind2=" ">
    <subfield code="a">IT</subfield>
    <subfield code="d">Fermo</subfield>
  </datafield>
  <datafield tag="700" ind1=" " ind2="1">
    <subfield code="a">Abirelli,</subfield>
    <subfield code="b">Federico</subfield>
    <subfield code="3">IT\ICCU\CNCA\000394</subfield>
  </datafield>
  <datafield tag="712" ind1="0" ind2="0">
    <subfield code="a">Monti, Sertorio - eredi &amp; Bonibello, Giovanni</subfield>
    <subfield code="3">IT\ICCU\CNCT\000012</subfield>
    <subfield code="4">650</subfield>
  </datafield>
  <datafield tag="791" ind1="0" ind2="0">
    <subfield code="a">Bonibello, Giovanni</subfield>
    <subfield code="3">IT\ICCU\CNCT\000013</subfield>
    <subfield code="z">Monti, Sertorio - eredi &amp; Bonibello, Giovanni</subfield>
  </datafield>
  <datafield tag="801" ind1=" " ind2="3">
    <subfield code="a">IT</subfield>
    <subfield code="b">ICCU</subfield>
    <subfield code="c">20201113</subfield>
  </datafield>
  <datafield tag="899" ind1=" " ind2=" ">
    <subfield code="a">Biblioteca Apostolica Vaticana. Citt ̉del Vaticano</subfield>
    <subfield code="1">EX0001</subfield>
    <subfield code="2">ZCV 01</subfield>
  </datafield>
  <datafield tag="899" ind1=" " ind2=" ">
    <subfield code="a">Biblioteca comunale Classense. Ravenna</subfield>
    <subfield code="1">RA0036</subfield>
    <subfield code="2">RAV CL</subfield>
  </datafield>
  <datafield tag="899" ind1=" " ind2=" ">
    <subfield code="a">Biblioteca nazionale Marciana. Venezia</subfield>
    <subfield code="1">VE0049</subfield>
    <subfield code="2">VEA BM</subfield>
  </datafield>
</record>
</collection>
